@misc{1,
	title="LKM (Loadable Kernel Module) - Национальная библиотека им. Н. Э. Баумана [Электронный ресурс]",
	howpublished="Режим доступа: \url{https://ru.bmstu.wiki/LKM_(Loadable_Kernel_Module)}"
}

@misc{3,
	title="Open Sound System [Электронный ресурс]",
	howpublished="Режим доступа: \url{https://ru.wikipedia.org/wiki/Open_Sound_System}"
}

@misc{4,
	title="ALSA System [Электронный ресурс] [Электронный ресурс]",
	howpublished="Режим доступа: \url{https://ru.wikipedia.org/wiki/ALSA}"
}

@misc{5,
	title="Introduction to Sound Programming with ALSA [Электронный ресурс] [Электронный ресурс]",
	howpublished="Режим доступа: \url{https://www.linuxjournal.com/article/6735?page=0,0}"
}

@misc{6,
	title="Звуковая подсистема Linux [Электронный ресурс]",
	howpublished="Режим доступа: \url{http://dmilvdv.narod.ru/Translate/ELDD/eldd_linux-sound_subsystem.html}"
}

@misc{7,
	title="The Linux Kernel Module Programming Guide [Электронный ресурс]",
	howpublished="Режим доступа: \url{https://www.linuxtopia.org/online_books/Linux_Kernel_Module_Programming_Gui de/x1174.html}"
}
@book{2,
    author = "В.А.Костромин",
    title = "Linux для пользователя"
}
